
@article{Tingay2013, title={The Murchison Widefield Array: The Square Kilometre Array Precursor at Low Radio Frequencies}, volume={30}, DOI={10.1017/pasa.2012.007}, journal={Publications of the Astronomical Society of Australia}, publisher={Cambridge University Press}, author={Tingay, S. J. and Goeke, R. and Bowman, J. D. and Emrich, D. and Ord, S. M. and Mitchell, D. A. and Morales, M. F. and Booler, T. and Crosse, B. and Wayth, R. B. and et al.}, year={2013}}

@article{Bowman2013, title={Science with the Murchison Widefield Array}, volume={30}, DOI={10.1017/pas.2013.009}, journal={Publications of the Astronomical Society of Australia}, publisher={Cambridge University Press}, author={Bowman, Judd D. and Cairns, Iver and Kaplan, David L. and Murphy, Tara and Oberoi, Divya and Staveley-Smith, Lister and Arcus, Wayne and Barnes, David G. and Bernardi, Gianni and Briggs, Frank H. and et al.}, year={2013}}

@article{Liu2016b,
author = {Liu, Adrian and Parsons, Aaron R.},
title = {Constraining cosmology and ionization history with combined 21 cm power spectrum and global signal measurements},
journal = {Monthly Notices of the Royal Astronomical Society},
volume = {457},
number = {2},
pages = {1864},
year = {2016},
doi = {10.1093/mnras/stw071},
URL = { + http://dx.doi.org/10.1093/mnras/stw071},
eprint = {/oup/backfile/Content_public/Journal/mnras/457/2/10.1093/mnras/stw071/2/stw071.pdf}
}
@article{Oyama20131186,
title = "Determination of neutrino mass hierarchy by 21 cm line and \{CMB\} B-mode polarization observations ",
journal = "Physics Letters B ",
volume = "718",
number = "4–5",
pages = "1186 - 1193",
year = "2013",
note = "",
issn = "0370-2693",
doi = "http://dx.doi.org/10.1016/j.physletb.2012.12.053",
url = "http://www.sciencedirect.com/science/article/pii/S0370269312013068",
author = "Yoshihiko Oyama and Akie Shimizu and Kazunori Kohri"
}
@article{Bull2015,
  author={Philip Bull and Pedro G. Ferreira and Prina Patel and Mário G. Santos},
  title={Late-time Cosmology with 21 cm Intensity Mapping Experiments},
  journal={The Astrophysical Journal},
  volume={803},
  number={1},
  pages={21},
  url={http://stacks.iop.org/0004-637X/803/i=1/a=21},
  year={2015},
  abstract={We present a framework for forecasting cosmological constraints from future neutral hydrogen intensity mapping experiments at low to intermediate redshifts. In the process, we establish a simple way of comparing such surveys with optical galaxy redshift surveys. We explore a wide range of experimental configurations and assess how well a number of cosmological observables (the expansion rate, growth rate, and angular diameter distance) and parameters (the densities of dark energy and dark matter, spatial curvature, the dark energy equation of state, etc.) will be measured by an extensive roster of upcoming experiments. A number of potential contaminants and systematic effects are also studied in detail. The overall picture is encouraging—if autocorrelation calibration can be controlled to a sufficient level, Phase I of the Square Kilometre Array should be able to constrain the dark energy equation of state about as well as a DETF Stage IV galaxy redshift survey like Euclid, in roughly the same time frame.}
}
@article{DEw21cm,
author = {Chen, Xuelei},
title = {Probing dark energy and primordial non-Gaussianity with the 21cm line observations},
journal = {International Journal of Modern Physics A},
volume = {30},
number = {28n29},
pages = {1545011},
year = {2015},
doi = {10.1142/S0217751X15450116},

URL = {http://www.worldscientific.com/doi/abs/10.1142/S0217751X15450116},
eprint = {http://www.worldscientific.com/doi/pdf/10.1142/S0217751X15450116}
}
@article{Mao2008,
  title = {How accurately can 21 cm tomography constrain cosmology?},
  author = {Mao, Yi and Tegmark, Max and McQuinn, Matthew and Zaldarriaga, Matias and Zahn, Oliver},
  journal = {Phys. Rev. D},
  volume = {78},
  issue = {2},
  pages = {023529},
  numpages = {22},
  year = {2008},
  month = {Jul},
  publisher = {American Physical Society},
  doi = {10.1103/PhysRevD.78.023529},
  url = {https://link.aps.org/doi/10.1103/PhysRevD.78.023529}
}
@ARTICLE{JoshAntPos,
   author = {{Dillon}, J.~S. and {Parsons}, A.~R.},
    title = "{Redundant Array Configurations for 21 cm Cosmology}",
  journal = {\apj},
archivePrefix = "arXiv",
   eprint = {1602.06259},
 primaryClass = "astro-ph.IM",
 keywords = {dark ages, reionization, first stars, instrumentation: interferometers, methods: data analysis, techniques: interferometric},
     year = 2016,
    month = aug,
   volume = 826,
      eid = {181},
    pages = {181},
      doi = {10.3847/0004-637X/826/2/181},
   adsurl = {http://adsabs.harvard.edu/abs/2016ApJ...826..181D},
  adsnote = {Provided by the SAO/NASA Astrophysics Data System}
}

@ARTICLE{wterm,
   author = {{Paul}, S. and {Sethi}, S.~K. and {Morales}, M.~F. and {Dwarkanath}, K.~S. and 
	{Udaya Shankar}, N. and {Subrahmanyan}, R. and {Barry}, N. and 
	{Beardsley}, A.~P. and {Bowman}, J.~D. and {Briggs}, F. and 
	{Carroll}, P. and {de Oliveira-Costa}, A. and {Dillon}, J.~S. and 
	{Ewall-Wice}, A. and {Feng}, L. and {Greenhill}, L.~J. and {Gaensler}, B.~M. and 
	{Hazelton}, B.~J. and {Hewitt}, J.~N. and {Hurley-Walker}, N. and 
	{Jacobs}, D.~J. and {Kim}, H.-S. and {Kittiwisit}, P. and {Lenc}, E. and 
	{Line}, J. and {Loeb}, A. and {McKinley}, B. and {Mitchell}, D.~A. and 
	{Neben}, A.~R. and {Offringa}, A.~R. and {Pindor}, B. and {Pober}, J.~C. and 
	{Procopio}, P. and {Riding}, J. and {Sullivan}, I.~S. and {Tegmark}, M. and 
	{Thyagarajan}, N. and {Tingay}, S.~J. and {Trott}, C.~M. and 
	{Wayth}, R.~B. and {Webster}, R.~L. and {Wyithe}, J.~S.~B. and 
	{Cappallo}, R. and {Johnston-Hollitt}, M. and {Kaplan}, D.~L. and 
	{Lonsdale}, C.~J. and {McWhirter}, S.~R. and {Morgan}, E. and 
	{Oberoi}, D. and {Ord}, S.~M. and {Prabu}, T. and {Srivani}, K.~S. and 
	{Williams}, A. and {Williams}, C.~L.},
    title = "{Delay Spectrum with Phase-tracking Arrays: Extracting the HI Power Spectrum from the Epoch of Reionization}",
  journal = {\apj},
archivePrefix = "arXiv",
   eprint = {1610.07003},
 keywords = {cosmology: observations, cosmology: theory, dark ages, reionization, first stars, techniques: interferometric },
     year = 2016,
    month = dec,
   volume = 833,
      eid = {213},
    pages = {213},
      doi = {10.3847/1538-4357/833/2/213},
   adsurl = {http://adsabs.harvard.edu/abs/2016ApJ...833..213P},
  adsnote = {Provided by the SAO/NASA Astrophysics Data System}
}
  	
@article{Ali2015,
  author={Zaki S. Ali and Aaron R. Parsons and Haoxuan Zheng and Jonathan C. Pober and Adrian Liu and James E. Aguirre and Richard F.
Bradley and Gianni Bernardi and Chris L. Carilli and Carina Cheng and David R. DeBoer and Matthew R. Dexter and Jasper
Grobbelaar and Jasper Horrell and Daniel C. Jacobs and Pat Klima and David H. E. MacMahon and Matthys Maree and David F.
Moore and Nima Razavi and Irina I. Stefan and William P. Walbrugh and Andre Walker},
  title={PAPER-64 Constraints on Reionization: The 21 cm Power Spectrum at z = 8.4},
  journal={The Astrophysical Journal},
  volume={809},
  number={1},
  pages={61},
  url={http://stacks.iop.org/0004-637X/809/i=1/a=61},
  year={2015}
}

@article{first-paper,
  author={Aaron Parsons and Jonathan Pober and Matthew McQuinn and Daniel Jacobs and James Aguirre},
  title={A Sensitivity and Array-configuration Study for Measuring the Power Spectrum of 21 cm Emission from Reionization},
  journal={The Astrophysical Journal},
  volume={753},
  number={1},
  pages={81},
  url={http://stacks.iop.org/0004-637X/753/i=1/a=81},
  year={2012}
}

@article{fringe-rate,
  author={Aaron R. Parsons and Adrian Liu and Zaki S. Ali and Carina Cheng},
  title={Optimized Beam Sculpting with Generalized Fringe-rate Filters},
  journal={The Astrophysical Journal},
  volume={820},
  number={1},
  pages={51},
  url={http://stacks.iop.org/0004-637X/820/i=1/a=51},
  year={2016}
}

@article{delay-transform,
  author={Aaron R. Parsons and Jonathan C. Pober and James E. Aguirre and Christopher L. Carilli and Daniel C. Jacobs and David F.
Moore},
  title={A Per-baseline, Delay-spectrum Technique for Accessing the 21 cm Cosmic Reionization Signature},
  journal={The Astrophysical Journal},
  volume={756},
  number={2},
  pages={165},
  url={http://stacks.iop.org/0004-637X/756/i=2/a=165},
  year={2012}
}

@article{PritchardLoeb,
  author={Jonathan R Pritchard and Abraham Loeb},
  title={21 cm cosmology in the 21st century},
  journal={Reports on Progress in Physics},
  volume={75},
  number={8},
  pages={086901},
  url={http://stacks.iop.org/0034-4885/75/i=8/a=086901},
  year={2012}
}
@article {omnical,
author = {Liu, Adrian and Tegmark, Max and Morrison, Scott and Lutomirski, Andrew and Zaldarriaga, Matias},
title = {Precision calibration of radio interferometers using redundant baselines},
journal = {Monthly Notices of the Royal Astronomical Society},
volume = {408},
number = {2},
publisher = {Blackwell Publishing Ltd},
issn = {1365-2966},
url = {http://dx.doi.org/10.1111/j.1365-2966.2010.17174.x},
doi = {10.1111/j.1365-2966.2010.17174.x},
pages = {1029--1050},
keywords = {instrumentation: interferometers, methods: data analysis, cosmology: observations, radio continuum: general},
year = {2010},
}
@article{pitchfork,
  author={Nithyanandan Thyagarajan and Daniel C. Jacobs and Judd D. Bowman and N. Barry and A. P. Beardsley and G. Bernardi and F.
Briggs and R. J. Cappallo and P. Carroll and B. E. Corey and A. de Oliveira-Costa and Joshua S. Dillon and D. Emrich and A.
Ewall-Wice and L. Feng and R. Goeke and L. J. Greenhill and B. J. Hazelton and J. N. Hewitt and N. Hurley-Walker and M.
Johnston-Hollitt and D. L. Kaplan and J. C. Kasper and Han-Seek Kim and P. Kittiwisit and E. Kratzenberg and E. Lenc and J.
Line and A. Loeb and C. J. Lonsdale and M. J. Lynch and B. McKinley and S. R. McWhirter and D. A. Mitchell and M. F. Morales and E.
Morgan and A. R. Neben and D. Oberoi and A. R. Offringa and S. M. Ord and Sourabh Paul and B. Pindor and J. C. Pober and T. Prabu and P.
Procopio and J. Riding and A. E. E. Rogers and A. Roshi and N. Udaya Shankar and Shiv K. Sethi and K. S. Srivani and R.
Subrahmanyan and I. S. Sullivan and M. Tegmark and S. J. Tingay and C. M. Trott and M. Waterson and R. B. Wayth and R. L.
Webster and A. R. Whitney and A. Williams and C. L. Williams and C. Wu and J. S. B. Wyithe},
  title={Foregrounds in Wide-field Redshifted 21 cm Power Spectra},
  journal={The Astrophysical Journal},
  volume={804},
  number={1},
  pages={14},
  url={http://stacks.iop.org/0004-637X/804/i=1/a=14},
  year={2015}
}

@article{wedge1,
  title = {Epoch of reionization window. I. Mathematical formalism},
  author = {Liu, Adrian and Parsons, Aaron R. and Trott, Cathryn M.},
  journal = {Phys. Rev. D},
  volume = {90},
  issue = {2},
  pages = {023018},
  numpages = {27},
  year = {2014},
  month = {Jul},
  publisher = {American Physical Society},
  doi = {10.1103/PhysRevD.90.023018},
  url = {http://link.aps.org/doi/10.1103/PhysRevD.90.023018}
}

@article{wedge2,
  title = {Epoch of reionization window. II. Statistical methods for foreground wedge reduction},
  author = {Liu, Adrian and Parsons, Aaron R. and Trott, Cathryn M.},
  journal = {Phys. Rev. D},
  volume = {90},
  issue = {2},
  pages = {023019},
  numpages = {20},
  year = {2014},
  month = {Jul},
  publisher = {American Physical Society},
  doi = {10.1103/PhysRevD.90.023019},
  url = {http://link.aps.org/doi/10.1103/PhysRevD.90.023019}
}

@article{QuadraticEstimator,
  title = {How to measure CMB polarization power spectra without losing information},
  author = {Tegmark, Max and de Oliveira-Costa, Angelica},
  journal = {Phys. Rev. D},
  volume = {64},
  issue = {6},
  pages = {063001},
  numpages = {15},
  year = {2001},
  month = {Aug},
  publisher = {American Physical Society},
  doi = {10.1103/PhysRevD.64.063001},
  url = {http://link.aps.org/doi/10.1103/PhysRevD.64.063001}
}

@article{paper32,
  author={Aaron R. Parsons and Adrian Liu and James E. Aguirre and Zaki S. Ali and Richard F. Bradley and Chris L. Carilli and David
R. DeBoer and Matthew R. Dexter and Nicole E. Gugliucci and Daniel C. Jacobs and Pat Klima and David H. E.
MacMahon and Jason R. Manley and David F. Moore and Jonathan C. Pober and Irina I. Stefan and William P. Walbrugh},
  title={New Limits on 21 cm Epoch of Reionization from PAPER-32 Consistent with an X-Ray Heated Intergalactic Medium at z = 7.7},
  journal={The Astrophysical Journal},
  volume={788},
  number={2},
  pages={106},
  url={http://stacks.iop.org/0004-637X/788/i=2/a=106},
  year={2014},
}

@article{Furlanetto2006181,
title = "Cosmology at low frequencies: The 21 cm transition and the high-redshift Universe ",
journal = "Physics Reports ",
volume = "433",
number = "4–6",
pages = "181 - 301",
year = "2006",
note = "",
issn = "0370-1573",
doi = "http://dx.doi.org/10.1016/j.physrep.2006.08.002",
url = "http://www.sciencedirect.com/science/article/pii/S0370157306002730",
author = "Steven R. Furlanetto and S. Peng Oh and Frank H. Briggs",
keywords = "Cosmology: theory – diffuse radiation – intergalactic medium – line: formation – techniques: interferometric "
}

@article{LiuOpticalDepth,
  title = {Eliminating the optical depth nuisance from the CMB with 21 cm cosmology},
  author = {Liu, Adrian and Pritchard, Jonathan R. and Allison, Rupert and Parsons, Aaron R. and Seljak, Uro\ifmmode \check{s}\else \v{s}\fi{} and Sherwin, Blake D.},
  journal = {Phys. Rev. D},
  volume = {93},
  issue = {4},
  pages = {043013},
  numpages = {25},
  year = {2016},
  month = {Feb},
  publisher = {American Physical Society},
  doi = {10.1103/PhysRevD.93.043013},
  url = {http://link.aps.org/doi/10.1103/PhysRevD.93.043013}
}


@article{MWA,
author = {Ewall-Wice, A. and Dillon, Joshua S. and Hewitt, J. N. and Loeb, A. and Mesinger, A. and Neben, A. R. and Offringa, A. R. and Tegmark, M. and Barry, N. and Beardsley, A. P. and Bernardi, G. and Bowman, Judd D. and Briggs, F. and Cappallo, R. J. and Carroll, P. and Corey, B. E. and de Oliveira-Costa, A. and Emrich, D. and Feng, L. and Gaensler, B. M. and Goeke, R. and Greenhill, L. J. and Hazelton, B. J. and Hurley-Walker, N. and Johnston-Hollitt, M. and Jacobs, Daniel C. and Kaplan, D. L. and Kasper, J. C. and Kim, HS and Kratzenberg, E. and Lenc, E. and Line, J. and Lonsdale, C. J. and Lynch, M. J. and McKinley, B. and McWhirter, S. R. and Mitchell, D. A. and Morales, M. F. and Morgan, E. and Thyagarajan, Nithyanandan and Oberoi, D. and Ord, S. M. and Paul, S. and Pindor, B. and Pober, J. C. and Prabu, T. and Procopio, P. and Riding, J. and Rogers, A. E. E. and Roshi, A. and Shankar, N. Udaya and Sethi, Shiv K. and Srivani, K. S. and Subrahmanyan, R. and Sullivan, I. S. and Tingay, S. J. and Trott, C. M. and Waterson, M. and Wayth, R. B. and Webster, R. L. and Whitney, A. R. and Williams, A. and Williams, C. L. and Wu, C. and Wyithe, J. S. B.}, 
title = {First Limits on the 21 cm Power Spectrum during the Epoch of X-ray heating.},
journal = {\mnras},
archivePrefix = "arXiv",
   eprint = {1605.00016},
 keywords = {dark ages, reionization, first stars, techniques: interferometric, radio lines: general, X-rays: galaxies},
     year = 2016,
    month = may,
}

@article{LOFAR,
author = {{van Haarlem, M. P.} and {Wise, M. W.} and {Gunst, A. W.} and {Heald, G.} and {McKean, J. P.} and {Hessels, J. W. T.} and {de Bruyn, A. G.} and {Nijboer, R.} and {Swinbank, J.} and {Fallows, R.} and {Brentjens, M.} and {Nelles, A.} and {Beck, R.} and {Falcke, H.} and {Fender, R.} and {Hörandel, J.} and {Koopmans, L. V. E.} and {Mann, G.} and {Miley, G.} and {Röttgering, H.} and {Stappers, B. W.} and {Wijers, R. A. M. J.} and {Zaroubi, S.} and {van den Akker, M.} and {Alexov, A.} and {Anderson, J.} and {Anderson, K.} and {van Ardenne, A.} and {Arts, M.} and {Asgekar, A.} and {Avruch, I. M.} and {Batejat, F.} and {Bähren, L.} and {Bell, M. E.} and {Bell, M. R.} and {van Bemmel, I.} and {Bennema, P.} and {Bentum, M. J.} and {Bernardi, G.} and {Best, P.} and {Bîrzan, L.} and {Bonafede, A.} and {Boonstra, A.-J.} and {Braun, R.} and {Bregman, J.} and {Breitling, F.} and {van de Brink, R. H.} and {Broderick, J.} and {Broekema, P. C.} and {Brouw, W. N.} and {Brüggen, M.} and {Butcher, H. R.} and {van Cappellen, W.} and {Ciardi, B.} and {Coenen, T.} and {Conway, J.} and {Coolen, A.} and {Corstanje, A.} and {Damstra, S.} and {Davies, O.} and {Deller, A. T.} and {Dettmar, R.-J.} and {van Diepen, G.} and {Dijkstra, K.} and {Donker, P.} and {Doorduin, A.} and {Dromer, J.} and {Drost, M.} and {van Duin, A.} and {Eislöffel, J.} and {van Enst, J.} and {Ferrari, C.} and {Frieswijk, W.} and {Gankema, H.} and {Garrett, M. A.} and {de Gasperin, F.} and {Gerbers, M.} and {de Geus, E.} and {Grießmeier, J.-M.} and {Grit, T.} and {Gruppen, P.} and {Hamaker, J. P.} and {Hassall, T.} and {Hoeft, M.} and {Holties, H. A.} and {Horneffer, A.} and {van der Horst, A.} and {van Houwelingen, A.} and {Huijgen, A.} and {Iacobelli, M.} and {Intema, H.} and {Jackson, N.} and {Jelic, V.} and {de Jong, A.} and {Juette, E.} and {Kant, D.} and {Karastergiou, A.} and {Koers, A.} and {Kollen, H.} and {Kondratiev, V. I.} and {Kooistra, E.} and {Koopman, Y.} and {Koster, A.} and {Kuniyoshi, M.} and {Kramer, M.} and {Kuper, G.} and {Lambropoulos, P.} and {Law, C.} and {van Leeuwen, J.} and {Lemaitre, J.} and {Loose, M.} and {Maat, P.} and {Macario, G.} and {Markoff, S.} and {Masters, J.} and {McFadden, R. A.} and {McKay-Bukowski, D.} and {Meijering, H.} and {Meulman, H.} and {Mevius, M.} and {Middelberg, E.} and {Millenaar, R.} and {Miller-Jones, J. C. A.} and {Mohan, R. N.} and {Mol, J. D.} and {Morawietz, J.} and {Morganti, R.} and {Mulcahy, D. D.} and {Mulder, E.} and {Munk, H.} and {Nieuwenhuis, L.} and {van Nieuwpoort, R.} and {Noordam, J. E.} and {Norden, M.} and {Noutsos, A.} and {Offringa, A. R.} and {Olofsson, H.} and {Omar, A.} and {Orrú, E.} and {Overeem, R.} and {Paas, H.} and {Pandey-Pommier, M.} and {Pandey, V. N.} and {Pizzo, R.} and {Polatidis, A.} and {Rafferty, D.} and {Rawlings, S.} and {Reich, W.} and {de Reijer, J.-P.} and {Reitsma, J.} and {Renting, G. A.} and {Riemers, P.} and {Rol, E.} and {Romein, J. W.} and {Roosjen, J.} and {Ruiter, M.} and {Scaife, A.} and {van der Schaaf, K.} and {Scheers, B.} and {Schellart, P.} and {Schoenmakers, A.} and {Schoonderbeek, G.} and {Serylak, M.} and {Shulevski, A.} and {Sluman, J.} and {Smirnov, O.} and {Sobey, C.} and {Spreeuw, H.} and {Steinmetz, M.} and {Sterks, C. G. M.} and {Stiepel, H.-J.} and {Stuurwold, K.} and {Tagger, M.} and {Tang, Y.} and {Tasse, C.} and {Thomas, I.} and {Thoudam, S.} and {Toribio, M. C.} and {van der Tol, B.} and {Usov, O.} and {van Veelen, M.} and {van der Veen, A.-J.} and {ter Veen, S.} and {Verbiest, J. P. W.} and {Vermeulen, R.} and {Vermaas, N.} and {Vocks, C.} and {Vogt, C.} and {de Vos, M.} and {van der Wal, E.} and {van Weeren, R.} and {Weggemans, H.} and {Weltevrede, P.} and {White, S.} and {Wijnholds, S. J.} and {Wilhelmsson, T.} and {Wucknitz, O.} and {Yatawatta, S.} and {Zarka, P.} and {Zensus, A.} and {van Zwieten, J.}},
	title = {LOFAR: The LOw-Frequency ARray},
	DOI= "10.1051/0004-6361/201220873",
	url= "http://dx.doi.org/10.1051/0004-6361/201220873",
	journal = {A\&A},
	year = 2013,
	volume = 556,
	pages = "A2"
}

@ARTICLE{HERAconfiguration,
   author = {{Dillon}, J.~S. and {Parsons}, A.~R.},
    title = "{Redundant Array Configurations for 21 cm Cosmology}",
  journal = {ArXiv e-prints},
archivePrefix = "arXiv",
   eprint = {1602.06259},
 primaryClass = "astro-ph.IM",
 keywords = {Astrophysics - Instrumentation and Methods for Astrophysics, Astrophysics - Cosmology and Nongalactic Astrophysics},
     year = 2016,
    month = feb,
   adsurl = {http://adsabs.harvard.edu/abs/2016arXiv160206259D},
  adsnote = {Provided by the SAO/NASA Astrophysics Data System}
}

@article{Liu2016pspecglobal,
author = {Liu, Adrian and Parsons, Aaron R.}, 
title = {Constraining cosmology and ionization history with combined 21 cm power spectrum and global signal measurements},
volume = {457}, 
number = {2}, 
pages = {1864-1877}, 
year = {2016}, 
}

@ARTICLE{HERABEAM1,
   author = {{Neben}, A.~R. and {Bradley}, R.~F. and {Hewitt}, J.~N. and 
	{DeBoer}, D.~R. and {Parsons}, A.~R. and {Aguirre}, J.~E. and 
	{Ali}, Z.~S. and {Cheng}, C. and {Ewall-Wice}, A. and {Patra}, N. and 
	{Thyagarajan}, N. and {Bowman}, J. and {Dickenson}, R. and {Dillon}, J.~S. and 
	{Doolittle}, P. and {Egan}, D. and {Hedrick}, M. and {Jacobs}, D.~C. and 
	{Kohn}, S.~A. and {Klima}, P.~J. and {Moodley}, K. and {Saliwanchik}, B.~R.~B. and 
	{Schaffner}, P. and {Shelton}, J. and {Taylor}, H.~A. and {Taylor}, R. and 
	{Tegmark}, M. and {Wirt}, B. and {Zheng}, H.},
    title = "{The Hydrogen Epoch of Reionization Array Dish I: Beam Pattern Measurements and Science Implications}",
  journal = {ArXiv e-prints},
archivePrefix = "arXiv",
   eprint = {1602.03887},
 primaryClass = "astro-ph.IM",
 keywords = {Astrophysics - Instrumentation and Methods for Astrophysics, Astrophysics - Cosmology and Nongalactic Astrophysics},
     year = 2016,
    month = feb,
   adsurl = {http://adsabs.harvard.edu/abs/2016arXiv160203887N},
  adsnote = {Provided by the SAO/NASA Astrophysics Data System}
}

@ARTICLE{HERA,
   author = {{DeBoer}, D.~R. and {Parsons}, A.~R. and {Aguirre}, J.~E. and 
	{Alexander}, P. and {Ali}, Z.~S. and {Beardsley}, A.~P. and 
	{Bernardi}, G. and {Bowman}, J.~D. and {Bradley}, R.~F. and 
	{Carilli}, C.~L. and {Cheng}, C. and {de Lera Acedo}, E. and 
	{Dillon}, J.~S. and {Ewall-Wice}, A. and {Fadana}, G. and {Fagnoni}, N. and 
	{Fritz}, R. and {Furlanetto}, S.~R. and {Glendenning}, B. and 
	{Greig}, B. and {Grobbelaar}, J. and {Hazelton}, B.~J. and {Hewitt}, J.~N. and 
	{Hickish}, J. and {Jacobs}, D.~C. and {Julius}, A. and {Kariseb}, M. and 
	{Kohn}, S.~A. and {Lekalake}, T. and {Liu}, A. and {Loots}, A. and 
	{MacMahon}, D. and {Malan}, L. and {Malgas}, C. and {Maree}, M. and 
	{Mathison}, N. and {Matsetela}, E. and {Mesinger}, A. and {Morales}, M.~F. and 
	{Neben}, A.~R. and {Patra}, N. and {Pieterse}, S. and {Pober}, J.~C. and 
	{Razavi-Ghods}, N. and {Ringuette}, J. and {Robnett}, J. and 
	{Rosie}, K. and {Sell}, R. and {Smith}, C. and {Syce}, A. and 
	{Tegmark}, M. and {Thyagarajan}, N. and {Williams}, P.~K.~G. and 
	{Zheng}, H.},
    title = "{Hydrogen Epoch of Reionization Array (HERA)}",
  journal = {ArXiv e-prints},
archivePrefix = "arXiv",
   eprint = {1606.07473},
 primaryClass = "astro-ph.IM",
 keywords = {Astrophysics - Instrumentation and Methods for Astrophysics, Astrophysics - Cosmology and Nongalactic Astrophysics},
     year = 2016,
    month = jun,
}

@ARTICLE{HERADISH2,
   author = {{Ewall-Wice}, A. and {Bradley}, R. and {DeBoer}, D. and {Hewitt}, J. and 
	{Parsons}, A. and {Aguirre}, J. and {Ali}, Z.~S. and {Bowman}, J. and 
	{Cheng}, C. and {Neben}, A.~R. and {Patra}, N. and {Thyagarajan}, N. and 
	{Venter}, M. and {de Lera Acedo}, E. and {Dillon}, J.~S. and 
	{Doolittle}, R. and {Egan}, D. and {Hendrick}, M. and {Klima}, P. and 
	{Kohn}, S. and {Schaffner}, P. and {Shelton}, J. and {Saliwanchik}, B. and 
	{Tegmark}, M. and {Taylor}, H.~A. and {Taylor}, R. and {Wirt}, B.
	},
    title = "{The HERA Dish II: Electromagnetic Simulations and Science Implications}",
  journal = {ArXiv e-prints},
archivePrefix = "arXiv",
   eprint = {1602.06277},
 keywords = {Astrophysics - Cosmology and Nongalactic Astrophysics, Astrophysics - Instrumentation and Methods for Astrophysics},
     year = 2016,
    month = feb,
   adsurl = {http://adsabs.harvard.edu/abs/2016arXiv160206277E},
  adsnote = {Provided by the SAO/NASA Astrophysics Data System}
}

@ARTICLE{SKA1,
   author = {{Mesinger}, A. and {Ferrara}, A. and {Greig}, B. and {Iliev}, I. and 
	{Mellema}, G. and {Pritchard}, J. and {Santos}, M.},
    title = "{Constraining the Astrophysics of the Cosmic Dawn and the Epoch of Reionization with the SKA}",
  journal = {Advancing Astrophysics with the Square Kilometre Array (AASKA14)},
archivePrefix = "arXiv",
   eprint = {1501.04106},
     year = 2015,
      eid = {11},
    pages = {11},
   adsurl = {http://adsabs.harvard.edu/abs/2015aska.confE..11M},
  adsnote = {Provided by the SAO/NASA Astrophysics Data System}
}

@ARTICLE{HealPrimer,
   author = {{Gorski}, K.~M. and {Wandelt}, B.~D. and {Hansen}, F.~K. and 
	{Hivon}, E. and {Banday}, A.~J.},
    title = "{The HEALPix Primer}",
  journal = {ArXiv Astrophysics e-prints},
   eprint = {astro-ph/9905275},
 keywords = {Astrophysics},
     year = 1999,
    month = may,
   adsurl = {http://adsabs.harvard.edu/abs/1999astro.ph..5275G},
  adsnote = {Provided by the SAO/NASA Astrophysics Data System}
}

@article{Heal,
  author={K. M. Gorski and E. Hivon and A. J. Banday and B. D. Wandelt and F. K. Hansen and M. Reinecke and M. Bartelmann},
  title={HEALPix: A Framework for High-Resolution Discretization and Fast Analysis of Data Distributed on the Sphere},
  journal={The Astrophysical Journal},
  volume={622},
  number={2},
  pages={759},
  url={http://stacks.iop.org/0004-637X/622/i=2/a=759},
  year={2005},
}
